<?xml version="1.0" encoding="UTF-8"?><record xmlns="http://www.loc.gov/MARC21/slim" xmlns:cinclude="http://apache.org/cocoon/include/1.0" xmlns:zs="http://www.loc.gov/zing/srw/">
  <leader>00619cz  a2200157n  4500</leader>
  <controlfield tag="001">nr 00014099 </controlfield>
  <controlfield tag="003">DLC</controlfield>
  <controlfield tag="005">20130319180346.0</controlfield>
  <controlfield tag="008">000425n| azannaabn          |a aaa     c</controlfield>
  <datafield tag="010" ind1=" " ind2=" ">
    <subfield code="a">nr 00014099 </subfield>
  </datafield>
  <datafield tag="035" ind1=" " ind2=" ">
    <subfield code="a">(OCoLC)oca05208641</subfield>
  </datafield>
  <datafield tag="040" ind1=" " ind2=" ">
    <subfield code="a">NIC-Mu</subfield>
    <subfield code="b">eng</subfield>
    <subfield code="e">rda</subfield>
    <subfield code="c">NIC-Mu</subfield>
    <subfield code="d">PPi-MA</subfield>
    <subfield code="d">DLC</subfield>
  </datafield>
  <datafield tag="100" ind1="1" ind2=" ">
    <subfield code="a">Fesch, Willem de,</subfield>
    <subfield code="d">1687-1761.</subfield>
    <subfield code="t">Sonatas,</subfield>
    <subfield code="n">op. 4.</subfield>
    <subfield code="n">No. 7-12</subfield>
  </datafield>
  <datafield tag="400" ind1="1" ind2=" ">
    <subfield code="a">Fesch, Willem de,</subfield>
    <subfield code="d">1687-1761.</subfield>
    <subfield code="t">Sonatas,</subfield>
    <subfield code="m">cellos (2),</subfield>
    <subfield code="n">op. 4b</subfield>
  </datafield>
  <datafield tag="670" ind1=" " ind2=" ">
    <subfield code="a">Fesch, W. Six sonatas for two violoncellos, opus 4b, 1999, c1995.</subfield>
  </datafield>
  <datafield tag="670" ind1=" " ind2=" ">
    <subfield code="a">New Grove, 2nd ed.</subfield>
    <subfield code="b">(op. 4. XII sonate, libro 1(-2), 6 for vn, vle, hpd, 6 for 2 vc (Amsterdam, 1725))</subfield>
  </datafield>
</record>